<record><leader>00000cas a22000007a 4500</leader><controlfield tag="001">17394224</controlfield><controlfield tag="008">880126d18781885pauwr ne      0    0eng d</controlfield><datafield ind1=" " ind2=" " tag="010"><subfield code="a">sn 88079044 </subfield></datafield><datafield ind1=" " ind2=" " tag="040"><subfield code="a">NPH</subfield><subfield code="b">eng</subfield><subfield code="c">NPH</subfield><subfield code="d">OCLCQ</subfield></datafield><datafield ind1=" " ind2=" " tag="042"><subfield code="a">msc</subfield></datafield><datafield ind1="0" ind2=" " tag="130"><subfield code="a">Monroe express (East Stroudsburg, Pa.)</subfield></datafield><datafield ind1="1" ind2="4" tag="245"><subfield code="a">The Monroe express.</subfield></datafield><datafield ind1=" " ind2=" " tag="260"><subfield code="a">East Stroudsburg, Pa. :</subfield><subfield code="b">[s.n.]</subfield></datafield><datafield ind1=" " ind2=" " tag="300"><subfield code="a">v. ;</subfield><subfield code="c">67 cm.</subfield></datafield><datafield ind1=" " ind2=" " tag="310"><subfield code="a">Weekly</subfield></datafield><datafield ind1="1" ind2=" " tag="362"><subfield code="a">Began in 1878; ceased in Oct. 1885?</subfield></datafield><datafield ind1=" " ind2=" " tag="500"><subfield code="a">Editor: C.N. Pine.</subfield></datafield><datafield ind1=" " ind2=" " tag="588"><subfield code="a">Description based on: Vol. 6, no. 49 (Mar. 13, 1884).</subfield></datafield><datafield ind1=" " ind2=" " tag="752"><subfield code="a">United States</subfield><subfield code="b">Pennsylvania</subfield><subfield code="c">Monroe</subfield><subfield code="d">East Stroudsburg.</subfield></datafield><datafield ind1="0" ind2="0" tag="785"><subfield code="t">Monroe news (East Stroudsburg, Pa.)</subfield><subfield code="w">(DLC)sn 88079045</subfield></datafield><datafield ind1="1" ind2=" " tag="029"><subfield code="a">AU@</subfield><subfield code="b">000025787204</subfield></datafield></record>